  @article{IPFSwhitepaper,
  author    = {Juan Benet},
  title     = {{IPFS} - Content Addressed, Versioned, {P2P} File System},
  journal   = {CoRR},
  volume    = {abs/1407.3561},
  year      = {2014},
  url       = {http://arxiv.org/abs/1407.3561},
  archivePrefix = {arXiv},
  eprint    = {1407.3561},
  timestamp = {Mon, 13 Aug 2018 16:47:09 +0200},
  biburl    = {https://dblp.org/rec/bib/journals/corr/Benet14},
  bibsource = {dblp computer science bibliography, https://dblp.org}
}

@MASTERSTHESIS{BigDataInVideoGames,
    author = "Kareinen Kalle",
    type = "Bakal\'{a}\v{r}sk\'{a} pr\'{a}ce",
    title = "Big data in video games",
    school = "Lappeenranta University of Technology, School of Business and Management, Computer Science",
    year = 2017,
    location = "Lappeenranta, FI",
    language = "english",
    url = "http://lutpub.lut.fi/handle/10024/147666"
}


@book{narayanan2016bitcoin,
  title={Bitcoin and cryptocurrency technologies: a comprehensive introduction},
  author={Narayanan, Arvind and Bonneau, Joseph and Felten, Edward and Miller, Andrew and Goldfeder, Steven},
  year={2016},
  publisher={Princeton University Press}
}

@book{wayner1997digital,
  title={Digital cash: Commerce on the net},
  author={Wayner, Peter},
  year={1997},
  publisher={Academic Press Professional, Inc.}
}

@inproceedings{haber1990time,
  title={How to time-stamp a digital document},
  author={Haber, Stuart and Stornetta, W Scott},
  booktitle={Conference on the Theory and Application of Cryptography},
  pages={437--455},
  year={1990},
  organization={Springer}
}